@book {43,
editor = "{Halpert, Ben}",
title = {Auditing cloud computing: a security and privacy guide},
address = {Hoboken, NJ},
year = {2011},
publisher = {Wiley-VCH},
keywords = {Business enterprises / Computer networks / Security measures. Cloud computing. Information technology / Security measures. Data protection. Computer networks / Security measures. Cloud Computing. Business enterprises / Computer networks / Security measures. Cloud computing. Information technology / Security measures. Data protection. Computer networks / Security measures. Cloud Computing},
pages = {XVI, 206 S.},
ISBN = {978-0-470-87474-5},
ISBN = {978-1-118-11604-3 (elektronische Ausgabe)},
}

@book {42,
editor = "{Schneier, Bruce}",
title = {Angewandte Kryptographie: Protokolle, Algorithmen und Sourcecode in C; [der Klassiker]},
address = {München [u.a.]},
year = {2006},
publisher = {Pearson Studium},
keywords = {Cryptography. Computer security},
pages = {XXII, 844 S.},
ISBN = {3-8273-7228-3},
}

@book {41,
editor = "{Erl, Thomas and Mahmood, Zaigham and Puttini, Ricardo}",
title = {Cloud computing: concepts, technology \& architecture},
address = {Upper Saddle River, N.J.; Munich [u.a.]},
year = {2013},
publisher = {Prentice Hall, ServiceTech Press},
keywords = {Cloud computing},
pages = {XXXIV, 487 S.},
edition = {1. print.},
ISBN = {978-0-13-338752-0},
ISBN = {0-13-338752-6},
}

@book {38,
editor = "{Winkler, Vic}",
title = {Securing the cloud: cloud computer security techniques and tactics},
address = {Amsterdam; Heidelberg [u.a.]},
year = {2011},
publisher = {Elsevier Syngress},
keywords = {Cloud computing / Security measures},
pages = {XXIV, 290 S.},
ISBN = {978-1-59749-592-9},
ISBN = {1-597-49592-1},
ISBN = {978-159-749-592-9 (elektronische Ausgabe)},
}

@book {44,
editor = "{Miller, Michael}",
title = {Cloud computing: Web-based applications that change the way you work and collaborate online ; [includes coverage of Google collaboration tools, Apple's MobileMe, and much more!]},
address = {Indianapolis, IN},
year = {2009},
publisher = {Que},
keywords = {Web services. Cloud computing. Electronic data processing / Distributed processing},
pages = {XIII, 293 S.},
ISBN = {978-0-7897-3803-5},
ISBN = {0-7897-3803-1},
}

@book {3,
editor = "{Ullenboom, Christian}",
title = {Java 7 - mehr als eine Insel: das Handbuch zu den Java-SE-Bibliotheken; [Nebenläufigkeit, Datenstrukturen und Algorithmen, Ein/Ausgabe, XML, Swing, Grafik- und Netzwerkprogrammierung, RMI, JavaServer Pages und Servlets, JDBC, Reflection u.v.m.]},
address = {Bonn},
year = {2012},
publisher = {Galileo Press},
keywords = {Java Standard Edition 7},
pages = {1433 S.},
edition = {1. Aufl.},
ISBN = {978-3-8362-1507-7},
ISBN = {3-8362-1507-1},
ISBN = {978-3-8362-1507-7 (elektronische Ausgabe)},
}

@book{31,
  editor="{Scott Chacon}",
  title={Pro Git},
  isbn={9781430218333},
  lccn={2011377370},
  series={Books for professionals by professionals},
  year={2009},
  publisher={Apress}
}

@book{37,
editor="{Henneberger, Matthias and Strebel, Jörg and Garzotto, Fabio}",
title={Ein Entscheidungsmodell für den Einsatz von Cloud Computing in Unternehmen},
year={2010},
issn={1436-3011},
journal={HMD Praxis der Wirtschaftsinformatik},
volume={47},
number={5},
publisher={Gabler Verlag},
pages={76-84},
language={German}
}

@book{39,
  editor="{Meinel, C. and Willems, C. and Roschke, S. and Schnjakin, M.}",
  title={Virtualisierung und Cloud Computing: Konzepte, Technologiestudie, Markt{\"u}bersicht},
  isbn={9783869561134},
  series={Technische Berichte des Hasso-Plattner-Instituts f{\"u}r Softwaresystemtechnik an der Universit{\"a}t Potsdam},
  year={2011},
  publisher={Univ.-Verlag}
}

@book{45,
  editor="{Mohapatra, Sanjay, Lokhande, Laxmikant}",
  title={{Cloud Computing and ROI}},
  isbn={9783319086637},
  year={2014},
  publisher={Springer Verlag}
}

@book{33, 
editor="{Jiyi Wu, Lingdi Ping, Xiaoping Ge, Ya Wang, Jianqing Fu}",
booktitle={Intelligent Computing and Cognitive Informatics (ICICCI), 2010 International Conference on},
title={Cloud Storage as the Infrastructure of Cloud Computing},
year={2010},
month={June},
url = {http://ieeexplore.ieee.org/xpl/login.jsp?tp=&arnumber=5565955&url=http%3A%2F%2Fieeexplore.ieee.org%2Fxpls%2Fabs_all.jsp%3Farnumber%3D5565955}
keywords={Internet;computational complexity;virtual storage;IT infrastructure management;business paradigm;cloud computing infrastructure;cloud storage;emerging technology;web services;Cloud computing;Clouds;Computers;Hardware;Servers;Software;Cloud Computing;Cloud Storage;architecture;service;virtualization}
}

@book{1,
  editor = "{Oracle}",
  title = {{The History of Java Technology}},
  url = {http://www.oracle.com/technetwork/java/javase/overview/javahistory-index-198355.html},
  year = {2014}, 
  note = "[Online; letzter Zugriff: 01.10.2014]"
}

@book{2,
  editor = "{Sun microsystems}",
  title = {{Java Technology: The Early Years}},
  url = {http://web.archive.org/web/20100105045840/http://java.sun.com/features/1998/05/birthday.html},
  year = {2014}, 
  note = "[Online; letzter Zugriff: 01.10.2014]"
}

@book{4,
  editor = "{National Institute of Standards and Technology}",
  title = {{ADVANCED ENCRYPTION STANDARD (AES)}},
  url = {http://csrc.nist.gov/publications/fips/fips197/fips-197.pdf},
  year = {2001}, 
  note = "[Online; letzter Zugriff: 01.10.2014]"
}

@book{5,
  editor = "{Wikipedia}",
  title = {{Advanced Encryption Standard}},
  url = {http://de.wikipedia.org/wiki/Advanced_Encryption_Standard},
  year = {2014}, 
  note = "[Online; letzter Zugriff: 01.10.2014]"
}

@book{6,
  editor = "{National Institute of Standards and Technology}",
  title = {{Recommendation for Block Cipher Modes of Operation}},
  url = {http://csrc.nist.gov/publications/nistpubs/800-38a/sp800-38a.pdf},
  year = {2001}, 
  note = "[Online; letzter Zugriff: 01.10.2014]"
}

@book{7,
  editor = "{Helger Lipmaa, Phillip Rogaway, David Wagner}",
  title = {{Comments to NIST concerning AES Modes of Operations: CTR-Mode Encryption}},
  url = {http://csrc.nist.gov/groups/ST/toolkit/BCM/documents/proposedmodes/ctr/ctr-spec.pdf},
  year = {2001}, 
  note = "[Online; letzter Zugriff: 01.10.2014]"
}

@book{10,
  editor = "{National Institute of Standards and Technology}",
  title = {{Secure Hash Standard (SHS)}},
  url = {http://csrc.nist.gov/publications/fips/fips180-4/fips-180-4.pdf},
  year = {2012}, 
  note = "[Online; letzter Zugriff: 01.10.2014]"
}

@book{11,
  editor = "{Wikipedia}",
  title = {{Shamir's Secret Sharing}},
  url = {http://en.wikipedia.org/wiki/Shamir%27s_Secret_Sharing},
  year = {2014}, 
  note = "[Online; letzter Zugriff: 01.10.2014]"
}

@book{12,
  editor = "{Bundesnetzagentur für Elektrizität, Gas, Telekommunikation, Post und Eisenbahnen}",
  title = {{Bekanntmachung zur elektronischen Signatur nach dem Signaturgesetz und der Signaturverordnung}},
  url = {http://www.bundesnetzagentur.de/SharedDocs/Downloads/DE/Sachgebiete/QES/Veroeffentlichungen/Algorithmen/2014Algorithmenkatalog.pdf;jsessionid=44761A7B91153744E5BAC51D89FB1FBD?__blob=publicationFile\&v=1},
  year = {2014}, 
  note = "[Online; letzter Zugriff: 01.10.2014]"
}

@book{13,
  editor = "{Bundesamt für Sicherheit in der Informationstechnik}",
  title = {{Kryptographische Verfahren: Empfehlungen und Schlüssellängen}},
 url = {https://www.bsi.bund.de/SharedDocs/Downloads/DE/BSI/Publikationen/TechnischeRichtlinien/TR02102/BSI-TR-02102_pdf.pdf?__blob=publicationFile},
  year = {2014}, 
  note = "[Online; letzter Zugriff: 01.10.2014]"
}

@book{30,
  editor = "{Lydia Leon, Douglas Toombs, Bob Gill, Gregor Petri, Tiny Haynes}",
  title = {{Gartner: Magic Quadrant for Cloud Infrastructure as a Service}},
  url = {http://www.gartner.com/technology/reprints.do?id=1-1UKQQA6\&ct=140528\&st=sb},
  year = {2014}, 
  note = "[Online; letzter Zugriff: 01.10.2014]"
}

@book{32,
  editor = "{Google Inc.}",
  title = {{gsutil Tool}},
  url = {https://cloud.google.com/storage/docs/gsutil},
  year = {2014}, 
  note = "[Online; letzter Zugriff: 01.10.2014]"
}

@book{34,
  editor = "{National Institute of Standards and Technology}",
  title = {{The NIST Definition Of Cloud Computing}},
  url = {http://csrc.nist.gov/publications/nistpubs/800-145/SP800-145.pdf},
  year = {2011}, 
  note = "[Online; letzter Zugriff: 01.10.2014]"
}

@book{35,
  editor = "{Bundesamt für Sicherheit in der Informationstechnik}",
  title = {{Cloud Computing Grundlagen}},
 url = {https://www.bsi.bund.de/DE/Themen/CloudComputing/Grundlagen/Grundlagen_node.html},
  year = {2014}, 
  note = "[Online; letzter Zugriff: 01.10.2014]"
}

@book{36,
  editor = "{Cloud Security Alliance}",
  title = {{SECURITY GUIDANCE FOR CRITICAL AREAS OF FOCUS IN CLOUD COMPUTING V3.0}},
  url = {https://cloudsecurityalliance.org/guidance/csaguide.v3.0.pdf},
  year = {2011}, 
  note = "[Online; letzter Zugriff: 01.10.2014]"
}

@book{40,
  editor = "{Google Inc.}",
  title = {{What is Google Cloud Storage - Building Blocks}},
  url = {https://cloud.google.com/storage/docs/overview#blocks},
  year = {2014}, 
  note = "[Online; letzter Zugriff: 01.10.2014]"
}

@book{46,
  editor = "{Google Inc.}",
  title = {{Using OAuth 2.0 to Access Google APIs}},
  url = {https://developers.google.com/accounts/docs/OAuth2},
  year = {2014}, 
  note = "[Online; letzter Zugriff: 01.10.2014]"
}

@book{47,
  editor = "{Google Inc.}",
  title = {{Python Example}},
  url= {https://cloud.google.com/storage/docs/gspythonlibrary},
  year = {2014}, 
  note = "[Online; letzter Zugriff: 01.10.2014]"
}

@book {48,
editor = "{Swoboda, Joachim and Spitz, Stephan and Pramateftakis, Michael}",
title = {Kryptographie und IT-Sicherheit: Grundlagen und Anwendungen},
address = {Wiesbaden},
year = {2008},
publisher = {Vieweg + Teubner},
pages = {XVIII, 263 S.},
edition = {1. Aufl.},
ISBN = {3-8348-0248-4},
ISBN = {978-3-8348-0248-4},
ISBN = {978-3-8348-9473-1 (elektronische Ausgabe)},
}